

@inproceedings{DBLP:conf/fmcad/BrausseKK20,
  author       = {Franz Brau{\ss}e and
                  Zurab Khasidashvili and
                  Konstantin Korovin},
  title        = {Selecting Stable Safe Configurations for Systems Modelled by Neural
                  Networks with {ReLU} Activation},
  booktitle    = {2020 Formal Methods in Computer Aided Design, {FMCAD} 2020, Haifa,
                  Israel, September 21-24, 2020},
  pages        = {119--127},
  publisher    = {{IEEE}},
  year         = {2020},
  url          = {https://doi.org/10.34727/2020/isbn.978-3-85448-042-6\_19},
  doi          = {10.34727/2020/ISBN.978-3-85448-042-6\_19},
  timestamp    = {Thu, 14 Jan 2021 08:55:22 +0100},
  biburl       = {https://dblp.org/rec/conf/fmcad/BrausseKK20.bib},
  bibsource    = {dblp computer science bibliography, https://dblp.org}
}



@inproceedings{DBLP:conf/ijcai/BrausseKK22,
  author       = {Franz Brau{\ss}e and
                  Zurab Khasidashvili and
                  Konstantin Korovin},
  editor       = {Luc De Raedt},
  title        = {Combining Constraint Solving and Bayesian Techniques for System Optimization},
  booktitle    = {Proceedings of the Thirty-First International Joint Conference on
                  Artificial Intelligence, {IJCAI} 2022, Vienna, Austria, 23-29 July
                  2022},
  pages        = {1788--1794},
  publisher    = {ijcai.org},
  year         = {2022},
  url          = {https://doi.org/10.24963/ijcai.2022/249},
  doi          = {10.24963/IJCAI.2022/249},
  timestamp    = {Wed, 27 Jul 2022 16:43:00 +0200},
  biburl       = {https://dblp.org/rec/conf/ijcai/BrausseKK22.bib},
  bibsource    = {dblp computer science bibliography, https://dblp.org}
}



@inproceedings{DBLP:conf/tacas/MouraB08,
  author       = {Leonardo Mendon{\c{c}}a de Moura and
                  Nikolaj S. Bj{\o}rner},
  editor       = {C. R. Ramakrishnan and
                  Jakob Rehof},
  title        = {{Z3:} {An} Efficient {SMT} Solver},
  booktitle    = {Tools and Algorithms for the Construction and Analysis of Systems,
                  14th International Conference, {TACAS} 2008, Held as Part of the Joint
                  European Conferences on Theory and Practice of Software, {ETAPS} 2008,
                  Budapest, Hungary, March 29-April 6, 2008. Proceedings},
  series       = {Lecture Notes in Computer Science},
  volume       = {4963},
  pages        = {337--340},
  publisher    = {Springer},
  year         = {2008},
  url          = {https://doi.org/10.1007/978-3-540-78800-3\_24},
  doi          = {10.1007/978-3-540-78800-3\_24},
  timestamp    = {Mon, 03 Apr 2023 17:23:33 +0200},
  biburl       = {https://dblp.org/rec/conf/tacas/MouraB08.bib},
  bibsource    = {dblp computer science bibliography, https://dblp.org}
}



@inproceedings{DBLP:conf/cav/Dutertre14,
  author       = {Bruno Dutertre},
  editor       = {Armin Biere and
                  Roderick Bloem},
  title        = {Yices 2.2},
  booktitle    = {Computer Aided Verification - 26th International Conference, {CAV}
                  2014, Held as Part of the Vienna Summer of Logic, {VSL} 2014, Vienna,
                  Austria, July 18-22, 2014. Proceedings},
  series       = {Lecture Notes in Computer Science},
  volume       = {8559},
  pages        = {737--744},
  publisher    = {Springer},
  year         = {2014},
  url          = {https://doi.org/10.1007/978-3-319-08867-9\_49},
  doi          = {10.1007/978-3-319-08867-9\_49},
  timestamp    = {Mon, 03 Jan 2022 22:13:44 +0100},
  biburl       = {https://dblp.org/rec/conf/cav/Dutertre14.bib},
  bibsource    = {dblp computer science bibliography, https://dblp.org}
}



@inproceedings{DBLP:conf/tacas/BarbosaBBKLMMMN22,
  author       = {Haniel Barbosa and
                  Clark W. Barrett and
                  Martin Brain and
                  Gereon Kremer and
                  Hanna Lachnitt and
                  Makai Mann and
                  Abdalrhman Mohamed and
                  Mudathir Mohamed and
                  Aina Niemetz and
                  Andres N{\"{o}}tzli and
                  Alex Ozdemir and
                  Mathias Preiner and
                  Andrew Reynolds and
                  Ying Sheng and
                  Cesare Tinelli and
                  Yoni Zohar},
  editor       = {Dana Fisman and
                  Grigore Rosu},
  title        = {cvc5: {A} Versatile and Industrial-Strength {SMT} Solver},
  booktitle    = {Tools and Algorithms for the Construction and Analysis of Systems
                  - 28th International Conference, {TACAS} 2022, Held as Part of the
                  European Joint Conferences on Theory and Practice of Software, {ETAPS}
                  2022, Munich, Germany, April 2-7, 2022, Proceedings, Part {I}},
  series       = {Lecture Notes in Computer Science},
  volume       = {13243},
  pages        = {415--442},
  publisher    = {Springer},
  year         = {2022},
  url          = {https://doi.org/10.1007/978-3-030-99524-9\_24},
  doi          = {10.1007/978-3-030-99524-9\_24},
  timestamp    = {Fri, 29 Apr 2022 14:50:36 +0200},
  biburl       = {https://dblp.org/rec/conf/tacas/BarbosaBBKLMMMN22.bib},
  bibsource    = {dblp computer science bibliography, https://dblp.org}
}



@inproceedings{DBLP:conf/tacas/CimattiGSS13,
  author       = {Alessandro Cimatti and
                  Alberto Griggio and
                  Bastiaan Joost Schaafsma and
                  Roberto Sebastiani},
  editor       = {Nir Piterman and
                  Scott A. Smolka},
  title        = {The {MathSAT5} {SMT} Solver},
  booktitle    = {Tools and Algorithms for the Construction and Analysis of Systems
                  - 19th International Conference, {TACAS} 2013, Held as Part of the
                  European Joint Conferences on Theory and Practice of Software, {ETAPS}
                  2013, Rome, Italy, March 16-24, 2013. Proceedings},
  series       = {Lecture Notes in Computer Science},
  volume       = {7795},
  pages        = {93--107},
  publisher    = {Springer},
  year         = {2013},
  url          = {https://doi.org/10.1007/978-3-642-36742-7\_7},
  doi          = {10.1007/978-3-642-36742-7\_7},
  timestamp    = {Fri, 09 Apr 2021 18:45:36 +0200},
  biburl       = {https://dblp.org/rec/conf/tacas/CimattiGSS13.bib},
  bibsource    = {dblp computer science bibliography, https://dblp.org}
}



@inproceedings{DBLP:conf/frocos/BrausseKKM19,
  author       = {Franz Brau{\ss}e and
                  Konstantin Korovin and
                  Margarita V. Korovina and
                  Norbert Th. M{\"{u}}ller},
  editor       = {Andreas Herzig and
                  Andrei Popescu},
  title        = {A {CDCL}-Style Calculus for Solving Non-linear Constraints},
  booktitle    = {Frontiers of Combining Systems - 12th International Symposium, FroCoS
                  2019, London, UK, September 4-6, 2019, Proceedings},
  series       = {Lecture Notes in Computer Science},
  volume       = {11715},
  pages        = {131--148},
  publisher    = {Springer},
  year         = {2019},
  url          = {https://doi.org/10.1007/978-3-030-29007-8\_8},
  doi          = {10.1007/978-3-030-29007-8\_8},
  timestamp    = {Thu, 22 Aug 2019 12:46:56 +0200},
  biburl       = {https://dblp.org/rec/conf/frocos/BrausseKKM19.bib},
  bibsource    = {dblp computer science bibliography, https://dblp.org}
}



@article{DBLP:journals/tcs/BrausseKKM23,
  author       = {Franz Brau{\ss}e and
                  Konstantin Korovin and
                  Margarita V. Korovina and
                  Norbert Th. M{\"{u}}ller},
  title        = {The ksmt calculus is a \emph{{\(\delta\)}}-complete decision procedure
                  for non-linear constraints},
  journal      = {Theor. Comput. Sci.},
  volume       = {975},
  pages        = {114125},
  year         = {2023},
  url          = {https://doi.org/10.1016/j.tcs.2023.114125},
  doi          = {10.1016/J.TCS.2023.114125},
  timestamp    = {Wed, 01 Nov 2023 08:59:18 +0100},
  biburl       = {https://dblp.org/rec/journals/tcs/BrausseKKM23.bib},
  bibsource    = {dblp computer science bibliography, https://dblp.org}
}



@inproceedings{DBLP:conf/cade/GaoAC12,
  author       = {Sicun Gao and
                  Jeremy Avigad and
                  Edmund M. Clarke},
  editor       = {Bernhard Gramlich and
                  Dale Miller and
                  Uli Sattler},
  title        = {{\(\delta\)}-Complete Decision Procedures for Satisfiability over
                  the Reals},
  booktitle    = {Automated Reasoning - 6th International Joint Conference, {IJCAR}
                  2012, Manchester, UK, June 26-29, 2012. Proceedings},
  series       = {Lecture Notes in Computer Science},
  volume       = {7364},
  pages        = {286--300},
  publisher    = {Springer},
  year         = {2012},
  url          = {https://doi.org/10.1007/978-3-642-31365-3\_23},
  doi          = {10.1007/978-3-642-31365-3\_23},
  timestamp    = {Sat, 30 Sep 2023 09:35:47 +0200},
  biburl       = {https://dblp.org/rec/conf/cade/GaoAC12.bib},
  bibsource    = {dblp computer science bibliography, https://dblp.org}
}

@article{51647df2-9154-322e-85ba-aa565c9e550a,
 ISSN = {00359246},
 URL = {http://www.jstor.org/stable/2983966},
 author = {G. E. P. Box and K. B. Wilson},
 journal = {Journal of the Royal Statistical Society. Series B (Methodological)},
 number = {1},
 pages = {1--45},
 publisher = {[Royal Statistical Society, Wiley]},
 title = {On the Experimental Attainment of Optimum Conditions},
 urldate = {2024-01-19},
 volume = {13},
 year = {1951}
}

@INPROCEEDINGS{9501615,
  author={Manukovsky, Alex and Shlepnev, Yuriy and Khasidashvili, Zurab},
  booktitle={2021 IEEE 71st Electronic Components and Technology Conference (ECTC)}, 
  title={Machine Learning Based Design Space Exploration and Applications to Signal Integrity Analysis of {112Gb} {SerDes} Systems}, 
  year={2021},
  volume={},
  number={},
  pages={1234-1245},
  doi={10.1109/ECTC32696.2021.00201}
}



@inproceedings{DBLP:conf/cav/KatzHIJLLSTWZDK19,
  author       = {Guy Katz and
                  Derek A. Huang and
                  Duligur Ibeling and
                  Kyle Julian and
                  Christopher Lazarus and
                  Rachel Lim and
                  Parth Shah and
                  Shantanu Thakoor and
                  Haoze Wu and
                  Aleksandar Zeljic and
                  David L. Dill and
                  Mykel J. Kochenderfer and
                  Clark W. Barrett},
  editor       = {Isil Dillig and
                  Serdar Tasiran},
  title        = {The Marabou Framework for Verification and Analysis of Deep Neural
                  Networks},
  booktitle    = {Computer Aided Verification - 31st International Conference, {CAV}
                  2019, New York City, NY, USA, July 15-18, 2019, Proceedings, Part
                  {I}},
  series       = {Lecture Notes in Computer Science},
  volume       = {11561},
  pages        = {443--452},
  publisher    = {Springer},
  year         = {2019},
  url          = {https://doi.org/10.1007/978-3-030-25540-4\_26},
  doi          = {10.1007/978-3-030-25540-4\_26},
  timestamp    = {Thu, 23 Jun 2022 19:58:07 +0200},
  biburl       = {https://dblp.org/rec/conf/cav/KatzHIJLLSTWZDK19.bib},
  bibsource    = {dblp computer science bibliography, https://dblp.org}
}



alpha-CROWN
@inproceedings{xu2021fast,
    title={{Fast and Complete}: Enabling Complete Neural Network Verification with Rapid and Massively Parallel Incomplete Verifiers},
    author={Kaidi Xu and Huan Zhang and Shiqi Wang and Yihan Wang and Suman Jana and Xue Lin and Cho-Jui Hsieh},
    booktitle={International Conference on Learning Representations},
    year={2021},
    url={https://openreview.net/forum?id=nVZtXBI6LNn}
}
beta-CROWN
@article{wang2021beta,
  title={{Beta-CROWN}: Efficient bound propagation with per-neuron split constraints for complete and incomplete neural network verification},
  author={Wang, Shiqi and Zhang, Huan and Xu, Kaidi and Lin, Xue and Jana, Suman and Hsieh, Cho-Jui and Kolter, J Zico},
  journal={Advances in Neural Information Processing Systems},
  volume={34},
  year={2021}
}

@article{DBLP:journals/widm/Atzmueller15,
  author       = {Martin Atzmueller},
  title        = {Subgroup discovery},
  journal      = {WIREs Data Mining Knowl. Discov.},
  volume       = {5},
  number       = {1},
  pages        = {35--49},
  year         = {2015},
  url          = {https://doi.org/10.1002/widm.1144},
  doi          = {10.1002/WIDM.1144},
  timestamp    = {Fri, 21 Jan 2022 14:37:53 +0100},
  biburl       = {https://dblp.org/rec/journals/widm/Atzmueller15.bib},
  bibsource    = {dblp computer science bibliography, https://dblp.org}
}

@inproceedings{DBLP:conf/pkdd/Wrobel97,
  author       = {Stefan Wrobel},
  editor       = {Henryk Jan Komorowski and
                  Jan M. Zytkow},
  title        = {An Algorithm for Multi-relational Discovery of Subgroups},
  booktitle    = {Principles of Data Mining and Knowledge Discovery, First European
                  Symposium, {PKDD} '97, Trondheim, Norway, June 24-27, 1997, Proceedings},
  series       = {Lecture Notes in Computer Science},
  volume       = {1263},
  pages        = {78--87},
  publisher    = {Springer},
  year         = {1997},
  url          = {https://doi.org/10.1007/3-540-63223-9\_108},
  doi          = {10.1007/3-540-63223-9\_108},
  timestamp    = {Tue, 14 May 2019 10:00:47 +0200},
  biburl       = {https://dblp.org/rec/conf/pkdd/Wrobel97.bib},
  bibsource    = {dblp computer science bibliography, https://dblp.org}
}

@article{DBLP:journals/jbcb/DingP05,
  author       = {Chris H. Q. Ding and
                  Hanchuan Peng},
  title        = {Minimum Redundancy Feature Selection from Microarray Gene Expression
                  Data},
  journal      = {J. Bioinform. Comput. Biol.},
  volume       = {3},
  number       = {2},
  pages        = {185--206},
  year         = {2005},
  url          = {https://doi.org/10.1142/S0219720005001004},
  doi          = {10.1142/S0219720005001004},
  timestamp    = {Thu, 04 Jun 2020 19:42:55 +0200},
  biburl       = {https://dblp.org/rec/journals/jbcb/DingP05.bib},
  bibsource    = {dblp computer science bibliography, https://dblp.org}
}

@incollection{DBLP:books/mit/fayyadPSU96/Klosgen96,
  author       = {Willi Kl{\"{o}}sgen},
  editor       = {Usama M. Fayyad and
                  Gregory Piatetsky{-}Shapiro and
                  Padhraic Smyth and
                  Ramasamy Uthurusamy},
  title        = {Explora: {A} Multipattern and Multistrategy Discovery Assistant},
  booktitle    = {Advances in Knowledge Discovery and Data Mining},
  pages        = {249--271},
  publisher    = {{AAAI/MIT} Press},
  year         = {1996},
  timestamp    = {Sat, 03 Aug 2019 19:21:52 +0200},
  biburl       = {https://dblp.org/rec/books/mit/fayyadPSU96/Klosgen96.bib},
  bibsource    = {dblp computer science bibliography, https://dblp.org}
}


@article{DBLP:journals/sttt/BrixMBJL23,
  author       = {Christopher Brix and
                  Mark Niklas M{\"{u}}ller and
                  Stanley Bak and
                  Taylor T. Johnson and
                  Changliu Liu},
  title        = {First three years of the international verification of neural networks
                  competition {(VNN-COMP)}},
  journal      = {Int. J. Softw. Tools Technol. Transf.},
  volume       = {25},
  number       = {3},
  pages        = {329--339},
  year         = {2023},
  url          = {https://doi.org/10.1007/s10009-023-00703-4},
  doi          = {10.1007/S10009-023-00703-4},
  timestamp    = {Wed, 01 Nov 2023 08:59:23 +0100},
  biburl       = {https://dblp.org/rec/journals/sttt/BrixMBJL23.bib},
  bibsource    = {dblp computer science bibliography, https://dblp.org}
}

@inproceedings{demarchi2023supporting,
  title={Supporting Standardization of Neural Networks Verification with {VNN-LIB} and {CoCoNet}},
  author={Demarchi, Stefano and Guidotti, Dario and Pulina, Luca and Tacchella, Armando},
  booktitle={Proceedings of the 6th Workshop on Formal Methods for ML-Enabled Autonomous Systems},
  volume={16},
  pages={47--58},
  year={2023}
}
